<?xml version="1.0" encoding="UTF-8"?>
<SOAP-ENV:Envelope xmlns:SOAP-ENV="http://schemas.xmlsoap.org/soap/envelope/" xmlns:ns1="http://oss.dbc.dk/ns/openformat" xmlns:os="http://oss.dbc.dk/ns/opensearch" xmlns:dc="http://purl.org/dc/elements/1.1/" xmlns:dkabm="http://biblstandard.dk/abm/namespace/dkabm/" xmlns:ISO639-2="http://lcweb.loc.gov/standards/iso639-2/" xmlns:dcmitype="http://purl.org/dc/dcmitype/" xmlns:dcterms="http://purl.org/dc/terms/" xmlns:ac="http://biblstandard.dk/ac/namespace/" xmlns:dkdcplus="http://biblstandard.dk/abm/namespace/dkdcplus/" xmlns:oss="http://oss.dbc.dk/ns/osstypes" xmlns:marcx="info:lc/xmlns/marcxchange-v1" xmlns:xsi="http://www.w3.org/2001/XMLSchema-instance" xmlns:foxml="info:fedora/fedora-system:def/foxml#" xsi:schemaLocation="info:fedora/fedora-system:def/foxml# http://www.fedora.info/definitions/1/0/foxml1-1.xsd">
  <SOAP-ENV:Body>
    <ns1:formatRequest>
      <ns1:originalData>
<oclcRecords><oclcRecord><foxml:digitalObject VERSION="1.1" PID="870970-basis:29213836"
xmlns:foxml="info:fedora/fedora-system:def/foxml#"
xmlns:xsi="http://www.w3.org/2001/XMLSchema-instance"
xsi:schemaLocation="info:fedora/fedora-system:def/foxml# http://www.fedora.info/definitions/1/0/foxml1-1.xsd">
<foxml:objectProperties>
<foxml:property NAME="info:fedora/fedora-system:def/model#state" VALUE="Active"/>
<foxml:property NAME="info:fedora/fedora-system:def/model#label" VALUE=""/>
<foxml:property NAME="info:fedora/fedora-system:def/model#ownerId" VALUE=""/>
<foxml:property NAME="info:fedora/fedora-system:def/model#createdDate" VALUE="2013-05-16T12:09:15.089Z"/>
<foxml:property NAME="info:fedora/fedora-system:def/view#lastModifiedDate" VALUE="2013-05-16T12:09:15.145Z"/>
</foxml:objectProperties>
<foxml:datastream ID="AUDIT" STATE="A" CONTROL_GROUP="X" VERSIONABLE="false">
<foxml:datastreamVersion ID="AUDIT.0" LABEL="Audit Trail for this object" CREATED="2013-05-16T12:09:15.089Z" MIMETYPE="text/xml" FORMAT_URI="info:fedora/fedora-system:format/xml.fedora.audit">
<foxml:xmlContent>
<audit:auditTrail xmlns:audit="info:fedora/fedora-system:def/audit#">
<audit:record ID="AUDREC1">
<audit:process type="Fedora API-M"/>
<audit:action>modifyDatastreamByValue</audit:action>
<audit:componentID>RELS-SYS</audit:componentID>
<audit:responsibility>fedoraAdmin</audit:responsibility>
<audit:date>2013-05-16T12:09:15.145Z</audit:date>
<audit:justification></audit:justification>
</audit:record>
</audit:auditTrail>
</foxml:xmlContent>
</foxml:datastreamVersion>
</foxml:datastream>
<foxml:datastream ID="DC" STATE="A" CONTROL_GROUP="X" VERSIONABLE="false">
<foxml:datastreamVersion ID="DC.0" LABEL="" CREATED="2013-05-16T12:09:15.097Z" MIMETYPE="text/xml" SIZE="1696">
<foxml:xmlContent>
<oai_dc:dc xmlns:oai_dc="http://www.openarchives.org/OAI/2.0/oai_dc/" xmlns:dc="http://purl.org/dc/elements/1.1/" xmlns:xsi="http://www.w3.org/2001/XMLSchema-instance" xsi:schemaLocation="http://www.openarchives.org/OAI/2.0/oai_dc/ http://www.openarchives.org/OAI/2.0/oai_dc.xsd">
  <dc:title>laust sonne</dc:title>
  <dc:title>MATCH:laust</dc:title>
  <dc:creator>Laust Sonne</dc:creator>
  <dc:creator>NOBIRTH:Laust Sonne</dc:creator>
  <dc:creator>MATCHSTRING:Sonnel</dc:creator>
  <dc:subject>electronica</dc:subject>
  <dc:subject>pop</dc:subject>
  <dc:subject>rock</dc:subject>
  <dc:subject>vokal</dc:subject>
  <dc:subject>Danmark</dc:subject>
  <dc:subject>2010-2019</dc:subject>
  <dc:publisher>emi music denmark</dc:publisher>
  <dc:publisher>MATCHSTRING:emi mus</dc:publisher>
  <dc:contributor>MATCHSTRING:Brꜳgerr</dc:contributor>
  <dc:contributor>MATCHSTRING:Jueln</dc:contributor>
  <dc:contributor>MATCHSTRING:Molbechn</dc:contributor>
  <dc:contributor>MATCHSTRING:Sonnek</dc:contributor>
  <dc:contributor>MATCHSTRING:Torp Larsenn</dc:contributor>
  <dc:contributor>MATCHSTRING:Winther-Johnm</dc:contributor>
  <dc:contributor>rune brꜳger</dc:contributor>
  <dc:contributor>nikolaj juel</dc:contributor>
  <dc:contributor>nicolai molbech</dc:contributor>
  <dc:contributor>kristoffer sonne</dc:contributor>
  <dc:contributor>nikolaj torp larsen</dc:contributor>
  <dc:contributor>marcus winther-john</dc:contributor>
  <dc:date>2012</dc:date>
  <dc:type>Cd (musik)</dc:type>
  <dc:type>WORK:music</dc:type>
  <dc:identifier>870970-basis:29213836</dc:identifier>
  <dc:identifier>NUMBER:We:MadeEMI 9558652</dc:identifier>
  <dc:language>Engelsk</dc:language>
</oai_dc:dc>
</foxml:xmlContent>
</foxml:datastreamVersion>
</foxml:datastream>
<foxml:datastream ID="commonData" STATE="A" CONTROL_GROUP="X" VERSIONABLE="false">
<foxml:datastreamVersion ID="commonData.0" LABEL="" CREATED="2013-05-16T12:09:15.098Z" MIMETYPE="text/xml" SIZE="14628">
<foxml:xmlContent>
<ting:container xmlns:ac="http://biblstandard.dk/ac/namespace/" xmlns:dc="http://purl.org/dc/elements/1.1/" xmlns:dcterms="http://purl.org/dc/terms/" xmlns:dkabm="http://biblstandard.dk/abm/namespace/dkabm/" xmlns:dkdcplus="http://biblstandard.dk/abm/namespace/dkdcplus/" xmlns:docbook="http://docbook.org/ns/docbook" xmlns:oss="http://oss.dbc.dk/ns/osstypes" xmlns:ting="http://www.dbc.dk/ting" xmlns:xsi="http://www.w3.org/2001/XMLSchema-instance"><dkabm:record><ac:identifier>29213836|870970</ac:identifier><ac:source>Bibliotekskatalog</ac:source><dc:title>Laust Sonne</dc:title><dc:title xsi:type="dkdcplus:full">Laust Sonne</dc:title><dc:creator>Laust Sonne</dc:creator><dc:creator xsi:type="oss:sort">Sonne, Laust</dc:creator><dc:subject xsi:type="dkdcplus:DK5">78.794:5</dc:subject><dc:subject xsi:type="dkdcplus:DK5-Text">Rock (Beat). Moderne folkemusik (Folk)</dc:subject><dc:subject xsi:type="dkdcplus:genre">dansk pop</dc:subject><dc:subject xsi:type="dkdcplus:DBCM">electronica</dc:subject><dc:subject xsi:type="dkdcplus:genre">electronica</dc:subject><dc:subject xsi:type="dkdcplus:DBCM">pop</dc:subject><dc:subject xsi:type="dkdcplus:genre">pop</dc:subject><dc:subject xsi:type="dkdcplus:DBCM">rock</dc:subject><dc:subject xsi:type="dkdcplus:genre">rock</dc:subject><dc:subject xsi:type="dkdcplus:DBCM">vokal</dc:subject><dcterms:audience>børnematerialer</dcterms:audience><dcterms:audience>voksenmaterialer</dcterms:audience><dkdcplus:version>2012 version</dkdcplus:version><dc:publisher>EMI Music Denmark</dc:publisher><dc:contributor>Rune Brꜳger</dc:contributor><dc:contributor>Nikolaj Juel</dc:contributor><dc:contributor>Nicolai Molbech</dc:contributor><dc:contributor>Kristoffer Sonne</dc:contributor><dc:contributor>Nikolaj Torp Larsen</dc:contributor><dc:contributor>Marcus Winther-John</dc:contributor><dc:date>2012</dc:date><dc:type xsi:type="dkdcplus:BibDK-Type">Cd (musik)</dc:type><dc:format>1 cd, 1 bilag</dc:format><dc:identifier>We:Made EMI EMI 9558652</dc:identifier><dc:language xsi:type="dcterms:ISO639-2">eng</dc:language><dc:language>Engelsk</dc:language><dcterms:hasPart xsi:type="dkdcplus:track">Lost my heart</dcterms:hasPart><dcterms:hasPart xsi:type="dkdcplus:track">Disco heart</dcterms:hasPart><dcterms:hasPart xsi:type="dkdcplus:track">Vertigo</dcterms:hasPart><dcterms:hasPart xsi:type="dkdcplus:track">Taking it back</dcterms:hasPart><dcterms:hasPart xsi:type="dkdcplus:track">Can you keep a secret</dcterms:hasPart><dcterms:hasPart xsi:type="dkdcplus:track">Spell on you</dcterms:hasPart><dcterms:hasPart xsi:type="dkdcplus:track">What about us</dcterms:hasPart><dcterms:hasPart xsi:type="dkdcplus:track">Call me up</dcterms:hasPart><dcterms:hasPart xsi:type="dkdcplus:track">Walk out the door</dcterms:hasPart><dcterms:hasPart xsi:type="dkdcplus:track">How can I</dcterms:hasPart><dcterms:hasPart xsi:type="dkdcplus:track">Chills</dcterms:hasPart><dcterms:hasPart xsi:type="dkdcplus:track">Like a chemical</dcterms:hasPart><dcterms:hasPart xsi:type="dkdcplus:track">Body talk</dcterms:hasPart><dcterms:spatial xsi:type="dkdcplus:DBCM">Danmark</dcterms:spatial><dcterms:temporal xsi:type="dkdcplus:DBCM">2010-2019</dcterms:temporal></dkabm:record><marcx:collection xmlns:marcx="info:lc/xmlns/marcxchange-v1"><marcx:record format="danMARC2" type="Bibliographic"><marcx:leader>00000n    2200000   4500</marcx:leader><marcx:datafield ind1="0" ind2="0" tag="001"><marcx:subfield code="a">29213836</marcx:subfield><marcx:subfield code="b">870970</marcx:subfield><marcx:subfield code="c">20120210145818</marcx:subfield><marcx:subfield code="d">20120210</marcx:subfield><marcx:subfield code="f">a</marcx:subfield></marcx:datafield><marcx:datafield ind1="0" ind2="0" tag="004"><marcx:subfield code="r">n</marcx:subfield><marcx:subfield code="a">e</marcx:subfield></marcx:datafield><marcx:datafield ind1="0" ind2="0" tag="006"><marcx:subfield code="2">a</marcx:subfield><marcx:subfield code="a">20120123</marcx:subfield></marcx:datafield><marcx:datafield ind1="0" ind2="0" tag="008"><marcx:subfield code="t">s</marcx:subfield><marcx:subfield code="u">f</marcx:subfield><marcx:subfield code="a">2012</marcx:subfield><marcx:subfield code="b">dk</marcx:subfield><marcx:subfield code="l">eng</marcx:subfield><marcx:subfield code="v">0</marcx:subfield></marcx:datafield><marcx:datafield ind1="0" ind2="0" tag="009"><marcx:subfield code="a">s</marcx:subfield><marcx:subfield code="g">xc</marcx:subfield><marcx:subfield code="b">a</marcx:subfield><marcx:subfield code="h">xx</marcx:subfield></marcx:datafield><marcx:datafield ind1="0" ind2="0" tag="023"><marcx:subfield code="a">5099995586526</marcx:subfield></marcx:datafield><marcx:datafield ind1="0" ind2="0" tag="032"><marcx:subfield code="a">DMO201207</marcx:subfield></marcx:datafield><marcx:datafield ind1="0" ind2="0" tag="039"><marcx:subfield code="a">bef</marcx:subfield></marcx:datafield><marcx:datafield ind1="0" ind2="0" tag="100"><marcx:subfield code="a">Sonne</marcx:subfield><marcx:subfield code="h">Laust</marcx:subfield></marcx:datafield><marcx:datafield ind1="0" ind2="0" tag="245"><marcx:subfield code="a">Laust Sonne</marcx:subfield><marcx:subfield code="j">Laust Sonne with Kristoffer Sonne ... [et al.]</marcx:subfield><marcx:subfield code="i">vocals by Laust Sonne</marcx:subfield><marcx:subfield code="j">produced by Kristoffer Sonne, Laust Sonne, Nikolaj Torp, Dyre Gormsen ... [et al.]</marcx:subfield></marcx:datafield><marcx:datafield ind1="0" ind2="0" tag="250"><marcx:subfield code="a">[2012 version]</marcx:subfield></marcx:datafield><marcx:datafield ind1="0" ind2="0" tag="260"><marcx:subfield code="b">EMI Music Denmark</marcx:subfield><marcx:subfield code="c">p 2012</marcx:subfield></marcx:datafield><marcx:datafield ind1="0" ind2="0" tag="300"><marcx:subfield code="n">1 cd</marcx:subfield><marcx:subfield code="d">1 bilag</marcx:subfield></marcx:datafield><marcx:datafield ind1="0" ind2="0" tag="529"><marcx:subfield code="a">MySpace</marcx:subfield><marcx:subfield code="u">http://www.myspace.com/laustsonne</marcx:subfield></marcx:datafield><marcx:datafield ind1="0" ind2="0" tag="531"><marcx:subfield code="a">Indhold:</marcx:subfield></marcx:datafield><marcx:datafield ind1="0" ind2="0" tag="538"><marcx:subfield code="f">We:Made</marcx:subfield><marcx:subfield code="f">EMI</marcx:subfield><marcx:subfield code="g">EMI 9558652</marcx:subfield></marcx:datafield><marcx:datafield ind1="0" ind2="0" tag="652"><marcx:subfield code="m">78.794</marcx:subfield><marcx:subfield code="v">5</marcx:subfield></marcx:datafield><marcx:datafield ind1="0" ind2="0" tag="666"><marcx:subfield code="0"></marcx:subfield><marcx:subfield code="m">rock</marcx:subfield><marcx:subfield code="m">pop</marcx:subfield><marcx:subfield code="m">electronica</marcx:subfield><marcx:subfield code="n">vokal</marcx:subfield><marcx:subfield code="p">2010-2019</marcx:subfield><marcx:subfield code="l">Danmark</marcx:subfield></marcx:datafield><marcx:datafield ind1="0" ind2="0" tag="700"><marcx:subfield code="a">Brꜳger</marcx:subfield><marcx:subfield code="h">Rune</marcx:subfield></marcx:datafield><marcx:datafield ind1="0" ind2="0" tag="700"><marcx:subfield code="a">Juel</marcx:subfield><marcx:subfield code="h">Nikolaj</marcx:subfield></marcx:datafield><marcx:datafield ind1="0" ind2="0" tag="700"><marcx:subfield code="a">Molbech</marcx:subfield><marcx:subfield code="h">Nicolai</marcx:subfield></marcx:datafield><marcx:datafield ind1="0" ind2="0" tag="700"><marcx:subfield code="a">Sonne</marcx:subfield><marcx:subfield code="h">Kristoffer</marcx:subfield></marcx:datafield><marcx:datafield ind1="0" ind2="0" tag="700"><marcx:subfield code="å">1</marcx:subfield><marcx:subfield code="a">Torp Larsen</marcx:subfield><marcx:subfield code="h">Nikolaj</marcx:subfield></marcx:datafield><marcx:datafield ind1="0" ind2="0" tag="700"><marcx:subfield code="å">6</marcx:subfield><marcx:subfield code="a">Winther-John</marcx:subfield><marcx:subfield code="h">Marcus</marcx:subfield></marcx:datafield><marcx:datafield ind1="0" ind2="0" tag="795"><marcx:subfield code="å">11</marcx:subfield><marcx:subfield code="a">Lost my heart</marcx:subfield><marcx:subfield code="i">written and composed by Kristoffer Sonne &amp; Laust Sonne</marcx:subfield><marcx:subfield code="i">keyboards by Nikolaj Torp &amp; Laust Sonne</marcx:subfield><marcx:subfield code="i">voice by N. Molbech</marcx:subfield><marcx:subfield code="i">add. whoas by K. Sonne</marcx:subfield><marcx:subfield code="i">claps by N. Molbech &amp; Laust</marcx:subfield><marcx:subfield code="i">drum programming by Kristoffer Sonne</marcx:subfield></marcx:datafield><marcx:datafield ind1="0" ind2="0" tag="795"><marcx:subfield code="å">12</marcx:subfield><marcx:subfield code="a">Disco heart</marcx:subfield><marcx:subfield code="i">written and composed by Laust Sonne</marcx:subfield><marcx:subfield code="i">instruments played by Laust</marcx:subfield></marcx:datafield><marcx:datafield ind1="0" ind2="0" tag="795"><marcx:subfield code="å">13</marcx:subfield><marcx:subfield code="a">Vertigo</marcx:subfield><marcx:subfield code="i">written and composed by Kristoffer Sonne &amp; Laust Sonne</marcx:subfield><marcx:subfield code="i">keyboards by Nikolaj Torp</marcx:subfield><marcx:subfield code="i">add. whoas by Kristoffer Sonne</marcx:subfield><marcx:subfield code="i">drum programming by Kristoffer Sonne &amp; Laust Sonne</marcx:subfield></marcx:datafield><marcx:datafield ind1="0" ind2="0" tag="795"><marcx:subfield code="å">14</marcx:subfield><marcx:subfield code="a">Taking it back</marcx:subfield><marcx:subfield code="i">written and composed by Laust Sonne</marcx:subfield><marcx:subfield code="i">instruments played by Laust</marcx:subfield></marcx:datafield><marcx:datafield ind1="0" ind2="0" tag="795"><marcx:subfield code="å">15</marcx:subfield><marcx:subfield code="a">Can you keep a secret</marcx:subfield><marcx:subfield code="i">written and composed by Laust Sonne, Rune Brꜳger &amp; Marcus Winther-John</marcx:subfield></marcx:datafield><marcx:datafield ind1="0" ind2="0" tag="795"><marcx:subfield code="å">16</marcx:subfield><marcx:subfield code="a">Spell on you</marcx:subfield><marcx:subfield code="i">written and composed by Laust Sonne</marcx:subfield><marcx:subfield code="i">instruments played by Laust</marcx:subfield></marcx:datafield><marcx:datafield ind1="0" ind2="0" tag="795"><marcx:subfield code="å">17</marcx:subfield><marcx:subfield code="a">What about us</marcx:subfield><marcx:subfield code="i">written and composed by Kristoffer Sonne, Nikolaj Juel &amp; Laust Sonne</marcx:subfield><marcx:subfield code="i">keyboards by Nikolaj Torp &amp; Laust Sonne</marcx:subfield><marcx:subfield code="i">drum programming by Kristoffer Sonne &amp; Laust Sonne</marcx:subfield><marcx:subfield code="i">acoustic guitar by Nikolaj Juel</marcx:subfield></marcx:datafield><marcx:datafield ind1="0" ind2="0" tag="795"><marcx:subfield code="å">18</marcx:subfield><marcx:subfield code="a">Call me up</marcx:subfield><marcx:subfield code="i">written and composed by Laust Sonne</marcx:subfield><marcx:subfield code="i">instruments played by Laust</marcx:subfield><marcx:subfield code="i">breath by N. Molbech</marcx:subfield></marcx:datafield><marcx:datafield ind1="0" ind2="0" tag="795"><marcx:subfield code="å">19</marcx:subfield><marcx:subfield code="a">Walk out the door</marcx:subfield><marcx:subfield code="i">written and composed by Laust Sonne</marcx:subfield><marcx:subfield code="i">instruments played by Laust</marcx:subfield></marcx:datafield><marcx:datafield ind1="0" ind2="0" tag="795"><marcx:subfield code="å">20</marcx:subfield><marcx:subfield code="a">How can I</marcx:subfield><marcx:subfield code="i">written and composed by Laust Sonne</marcx:subfield><marcx:subfield code="i">instruments played by Laust</marcx:subfield></marcx:datafield><marcx:datafield ind1="0" ind2="0" tag="795"><marcx:subfield code="å">21</marcx:subfield><marcx:subfield code="a">Chills</marcx:subfield><marcx:subfield code="i">written and composed by Laust Sonne</marcx:subfield><marcx:subfield code="i">instruments played by Laust</marcx:subfield></marcx:datafield><marcx:datafield ind1="0" ind2="0" tag="795"><marcx:subfield code="å">22</marcx:subfield><marcx:subfield code="a">Like a chemical</marcx:subfield><marcx:subfield code="i">written and composed by Kristoffer Sonne &amp; Laust Sonne</marcx:subfield><marcx:subfield code="i">keyboards by Nikolaj Torp &amp; Laust Sonne</marcx:subfield><marcx:subfield code="i">drum programming by Kristoffer Sonne &amp; Laust Sonne</marcx:subfield></marcx:datafield><marcx:datafield ind1="0" ind2="0" tag="795"><marcx:subfield code="å">23</marcx:subfield><marcx:subfield code="a">Body talk</marcx:subfield><marcx:subfield code="i">written and composed by Laust Sonne &amp; Galgani</marcx:subfield><marcx:subfield code="i">programmed by Galgani</marcx:subfield><marcx:subfield code="i">instruments played by Galgani &amp; Laust</marcx:subfield><marcx:subfield code="i">add. vocals by Galgani</marcx:subfield></marcx:datafield><marcx:datafield ind1="0" ind2="0" tag="900"><marcx:subfield code="a">Larsen</marcx:subfield><marcx:subfield code="h">Nikolaj Torp</marcx:subfield><marcx:subfield code="z">700/1</marcx:subfield></marcx:datafield><marcx:datafield ind1="0" ind2="0" tag="900"><marcx:subfield code="a">Torp</marcx:subfield><marcx:subfield code="h">Nikolaj</marcx:subfield><marcx:subfield code="z">700/1</marcx:subfield></marcx:datafield><marcx:datafield ind1="0" ind2="0" tag="900"><marcx:subfield code="a">Jørgensen</marcx:subfield><marcx:subfield code="h">Marcus Winther-</marcx:subfield><marcx:subfield code="z">700/6</marcx:subfield></marcx:datafield><marcx:datafield ind1="0" ind2="0" tag="900"><marcx:subfield code="a">John</marcx:subfield><marcx:subfield code="h">Marcus Winther-</marcx:subfield><marcx:subfield code="z">700/6</marcx:subfield></marcx:datafield><marcx:datafield ind1="0" ind2="0" tag="996"><marcx:subfield code="a">DBC</marcx:subfield></marcx:datafield></marcx:record></marcx:collection><ln:links xmlns:ln="http://oss.dbc.dk/ns/links"><ln:link><ln:access>free</ln:access><ln:accessType></ln:accessType><ln:linkTo>website</ln:linkTo><ln:relationType>dbcaddi:hasCreatorHomePage</ln:relationType><ln:url>http://www.myspace.com/laustsonne</ln:url><ln:collectionIdentifier>870970-basis</ln:collectionIdentifier></ln:link></ln:links><adminData><creationDate>2012-02-10</creationDate><libraryType>none</libraryType><indexingAlias>danmarcxchange</indexingAlias><accessType>physical</accessType><collectionIdentifier>870970-basis</collectionIdentifier></adminData></ting:container>
</foxml:xmlContent>
</foxml:datastreamVersion>
</foxml:datastream>
<foxml:datastream ID="localData.870970-basis" STATE="A" CONTROL_GROUP="X" VERSIONABLE="false">
<foxml:datastreamVersion ID="localData.870970-basis.0" LABEL="" CREATED="2013-05-16T12:09:15.098Z" MIMETYPE="text/xml" SIZE="712">
<foxml:xmlContent>
<ting:localData xmlns:ting="http://www.dbc.dk/ting"><marcx:record xmlns:marcx="info:lc/xmlns/marcxchange-v1" format="danMARC2" type="BibliographicLocal"><marcx:datafield ind1="0" ind2="0" tag="d08"><marcx:subfield code="a">Lyt ex. modtaget fra Casablanca, cfp</marcx:subfield><marcx:subfield code="o">cfp</marcx:subfield></marcx:datafield><marcx:datafield ind1="0" ind2="0" tag="n55"><marcx:subfield code="a">20120210</marcx:subfield></marcx:datafield><marcx:datafield ind1="0" ind2="0" tag="s12"><marcx:subfield code="t">TeamMUS201206</marcx:subfield></marcx:datafield><marcx:datafield ind1="0" ind2="0" tag="z99"><marcx:subfield code="a">cfp</marcx:subfield></marcx:datafield></marcx:record></ting:localData>
</foxml:xmlContent>
</foxml:datastreamVersion>
</foxml:datastream>
<foxml:datastream ID="RELS-SYS" STATE="A" CONTROL_GROUP="X" VERSIONABLE="false">
<foxml:datastreamVersion ID="RELS-SYS.1" LABEL="" CREATED="2013-05-16T12:09:15.145Z" MIMETYPE="application/rdf+xml" SIZE="317">
<foxml:xmlContent>
<rdf:RDF xmlns:rdf="http://www.w3.org/1999/02/22-rdf-syntax-ns#">
  <rdf:Description rdf:about="info:fedora/870970-basis:29213836">
    <isMemberOfUnit xmlns="info:fedora/">unit:48018</isMemberOfUnit>
    <isPrimaryBibObjectFor xmlns="info:fedora/">unit:48018</isPrimaryBibObjectFor>
  </rdf:Description>
</rdf:RDF>
</foxml:xmlContent>
</foxml:datastreamVersion>
</foxml:datastream>
</foxml:digitalObject><ocn></ocn><holdingsServiceResponse><response>
<timestamp>2013-05-30 10:32:59.975</timestamp>
<pid>870970-basis:29213836</pid>
<result>
</result>
</response></holdingsServiceResponse></oclcRecord></oclcRecords>

</ns1:originalData>
<ns1:outputFormat>PLACEHOLDER</ns1:outputFormat>
   </ns1:formatRequest>
 </SOAP-ENV:Body>
</SOAP-ENV:Envelope>
